@book{van1996matrix,
  title={Matrix computations (Johns Hopkins studies in mathematical sciences)},
  author={Van Loan, Charles F and Golub, G},
  year={1996},
  publisher={The Johns Hopkins University Press}
}

@article{moler1978nineteen,
  title={Nineteen dubious ways to compute the exponential of a matrix},
  author={Moler, Cleve and Van Loan, Charles},
  journal={SIAM review},
  volume={20},
  number={4},
  pages={801--836},
  year={1978},
  publisher={SIAM}
}

@article{moler2003nineteen,
  title={Nineteen dubious ways to compute the exponential of a matrix, twenty-five years later},
  author={Moler, Cleve and Van Loan, Charles},
  journal={SIAM review},
  volume={45},
  number={1},
  pages={3--49},
  year={2003},
  publisher={SIAM}
}

@article{flynn1966very,
  title={Very high-speed computing systems},
  author={Flynn, Michael J},
  journal={Proceedings of the IEEE},
  volume={54},
  number={12},
  pages={1901--1909},
  year={1966},
  publisher={IEEE}
}

@article{matsumoto1998mersenne,
  title={Mersenne twister: a 623-dimensionally equidistributed uniform pseudo-random number generator},
  author={Matsumoto, Makoto and Nishimura, Takuji},
  journal={ACM Transactions on Modeling and Computer Simulation (TOMACS)},
  volume={8},
  number={1},
  pages={3--30},
  year={1998},
  publisher={ACM New York, NY, USA}
}

@article{von195113,
  title={13. various techniques used in connection with random digits},
  author={Von Neumann, John},
  journal={Appl. Math Ser},
  volume={12},
  number={36-38},
  pages={3},
  year={1951}
}

@book{stewart2009probability,
  title={Probability, Markov chains, queues, and simulation},
  author={Stewart, William J},
  year={2009},
  publisher={Princeton university press}
}

@book{maschler2013game,
  title={Game theory},
  author={Maschler, Michael and Solan, Eilon and Zamir, Shmuel},
  journal={Cambridge University Press, Cambridge, pp. xxvi},
  volume={979},
  pages={4},
  year={2013}
}

@article{smith1974theory,
  title={The theory of games and the evolution of animal conflicts},
  author={Smith, J Maynard},
  journal={Journal of theoretical biology},
  volume={47},
  number={1},
  pages={209--221},
  year={1974},
  publisher={Elsevier}
}

@book{fudenberg1998theory,
  title={The theory of learning in games},
  author={Fudenberg, Drew and Drew, Fudenberg and Levine, David K and Levine, David K},
  volume={2},
  year={1998},
  publisher={MIT press}
}

@article{axelrod1981evolution,
  title={The evolution of cooperation},
  author={Axelrod, Robert and Hamilton, William Donald},
  journal={science},
  volume={211},
  number={4489},
  pages={1390--1396},
  year={1981},
  publisher={American Association for the Advancement of Science}
}

@book{burden2001numerical,
  title={Numerical analysis},
  author={Burden, Richard L and Faires, J Douglas and Reynolds, Albert C},
  year={2001},
  publisher={Brooks/cole Pacific Grove, CA}
}

@book{schelling2006micromotives,
  title={Micromotives and macrobehavior},
  author={Schelling, Thomas C},
  year={2006},
  publisher={WW Norton \& Company}
}

@book{conforti2014integer,
  title={Integer programming},
  author={Conforti, Michele and Cornu{\'e}jols, G{\'e}rard and Zambelli, Giacomo and others},
  volume={271},
  year={2014},
  publisher={Springer}
}

@book{michalewicz2013solve,
  title={How to solve it: modern heuristics},
  author={Michalewicz, Zbigniew and Fogel, David B},
  year={2013},
  publisher={Springer Science \& Business Media}
}

@article{croes1958method,
  title={A method for solving traveling-salesman problems},
  author={Croes, Georges A},
  journal={Operations research},
  volume={6},
  number={6},
  pages={791--812},
  year={1958},
  publisher={INFORMS}
}
@article{tan1997markov,
  title={Markov chains and the RISK board game},
  author={Tan, Bari{\c{s}}},
  journal={Mathematics Magazine},
  volume={70},
  number={5},
  pages={349--357},
  year={1997},
  publisher={Taylor \& Francis}
}

@article{stewart1996monopoly,
  title={Monopoly revisited},
  author={Stewart, Ian},
  journal={Scientific American},
  volume={275},
  number={4},
  pages={116--119},
  year={1996},
  publisher={JSTOR}
}

@article{griffiths2013modelling,
  title={Modelling activities at a neurological rehabilitation unit},
  author={Griffiths, Jeff D and Williams, Janet E and Wood, Richard Max},
  journal={European Journal of Operational Research},
  volume={226},
  number={2},
  pages={301--312},
  year={2013},
  publisher={Elsevier}
}

@article{white1993survey,
  title={A survey of applications of Markov decision processes},
  author={White, Douglas J},
  journal={Journal of the operational research society},
  volume={44},
  number={11},
  pages={1073--1096},
  year={1993},
  publisher={Taylor \& Francis}
}

@book{robinson2004simulation,
  title={Simulation: the practice of model development and use},
  author={Robinson, Stewart},
  volume={50},
  year={2004},
  publisher={Wiley Chichester}
}

@article{osorio2017simulation,
  title={Simulation-optimization model for production planning in the blood supply chain},
  author={Osorio, Andres F and Brailsford, Sally C and Smith, Honora K and Forero-Matiz, Sonia P and Camacho-Rodr{\'\i}guez, Bernardo A},
  journal={Health care management science},
  volume={20},
  number={4},
  pages={548--564},
  year={2017},
  publisher={Springer}
}

@article{figueira2014hybrid,
  title={Hybrid simulation--optimization methods: A taxonomy and discussion},
  author={Figueira, Gon{\c{c}}alo and Almada-Lobo, Bernardo},
  journal={Simulation Modelling Practice and Theory},
  volume={46},
  pages={118--134},
  year={2014},
  publisher={Elsevier}
}

@article{brailsford2009analysis,
  title={An analysis of the academic literature on simulation and modelling in health care},
  author={Brailsford, Sally C and Harper, Paul Robert and Patel, Brijesh and Pitt, Martin},
  journal={Journal of simulation},
  volume={3},
  number={3},
  pages={130--140},
  year={2009},
  publisher={Taylor \& Francis}
}

@book{stewart2009calculus,
  title={Calculus: Concepts and contexts},
  author={Stewart, James},
  year={2009},
  publisher={Cengage Learning}
}

@article{syms2015dynamic,
  title={A dynamic competition model of regime change},
  author={Syms, Richard and Solymar, Laszlo},
  journal={Journal of the Operational Research Society},
  volume={66},
  number={11},
  pages={1939--1947},
  year={2015},
  publisher={Taylor \& Francis}
}

@book{robinson1998dynamical,
  title={Dynamical systems: stability, symbolic dynamics, and chaos},
  author={Robinson, Clark},
  year={1998},
  publisher={CRC press}
}

@misc{martin2006theory,
  title={Theory and practical exercises of System Dynamics},
  author={Mart{\i}n Garc{\i}a, J},
  year={2006},
  publisher={Volume March}
}

@article{forrester1995beginning,
  title={The beginning of system dynamics},
  author={Forrester, Jay W},
  year={1995},
  publisher={McKinsey Quarterly}
}

@article{forrester1961industrial,
  title={Industrial dynamics. 1961},
  author={Forrester, Jay W},
  journal={Pegasus Communications, Waltham, MA},
  year={1961}
}

@inproceedings{vazquez2020system,
  title={System dynamics applications in healthcare: A literature review},
  author={V{\'a}zquez-Serrano, Jes{\'u}s Isaac and Peimbert-Garca, RE},
  booktitle={Proceedings of the international conference on industrial engineering and operations management},
  pages={10--12},
  year={2020}
}

@article{cooper2020sir,
  title={A SIR model assumption for the spread of COVID-19 in different communities},
  author={Cooper, Ian and Mondal, Argha and Antonopoulos, Chris G},
  journal={Chaos, Solitons \& Fractals},
  volume={139},
  pages={110057},
  year={2020},
  publisher={Elsevier}
}

@article{brailsford2019hybrid,
  title = {Hybrid simulation modelling in operational research: A state-of-the-art review},
  journal = {European Journal of Operational Research},
  volume = {278},
  number = {3},
  pages = {721-737},
  year = {2019},
  issn = {0377-2217},
  doi = {https://doi.org/10.1016/j.ejor.2018.10.025},
  url = {https://www.sciencedirect.com/science/article/pii/S0377221718308786},
  author = {Sally C. Brailsford and Tillal Eldabi and Martin Kunc and Navonil Mustafee and Andres F. Osorio},
}

@article{coyle1999system,
  title={System dynamics in defence analysis: some case studies},
  author={Coyle, JM and Exelby, D and Holt, JSystemDynamicsInDefenceAnalysis},
  journal={Journal of the Operational Research Society},
  volume={50},
  number={4},
  pages={372--382},
  year={1999},
  publisher={Springer}
}

@book{shoham2008multiagent,
  title={Multiagent systems: Algorithmic, game-theoretic, and logical foundations},
  author={Shoham, Yoav and Leyton-Brown, Kevin},
  year={2008},
  publisher={Cambridge University Press}
}

@inproceedings{reynolds1987flocks, 
  title={Flocks, herds and schools: A distributed behavioral model}, 
  author={Reynolds, Craig W}, 
  booktitle={Proceedings of the 14th annual conference on Computer graphics and interactive techniques}, 
  pages={25--34}, 
  year={1987} 
}

@article{diaz2021agent,
  title={An agent-based model of school choice with information asymmetries},
  author={D{\'\i}az, Diego A and Jim{\'e}nez, Ana Mar{\'\i}a and Larroulet, Cristi{\'a}n},
  journal={Journal of Simulation},
  volume={15},
  number={1-2},
  pages={130--147},
  year={2021},
  publisher={Taylor \& Francis}
}

@article{gardener1970mathematical,
  title={MATHEMATICAL GAMES: The fantastic combinations of John Conway's new solitaire game life},
  author={Gardener, Martin},
  journal={Scientific American},
  volume={223},
  number={4},
  pages={120--123},
  year={1970}
}

@article{romanowska2019agent,
  title={Agent-based modeling for archaeologists: Part 1 of 3},
  author={Romanowska, Iza and Crabtree, Stefani A and Harris, Kathryn and Davies, Benjamin},
  journal={Advances in archaeological practice},
  volume={7},
  number={2},
  pages={178--184},
  year={2019},
  publisher={Cambridge University Press}
}


@article{jing2020agent,
  title={Agent-based simulation of autonomous vehicles: A systematic literature review},
  author={Jing, Peng and Hu, Hanbin and Zhan, Fengping and Chen, Yuexia and Shi, Yuji},
  journal={IEEE Access},
  volume={8},
  pages={79089--79103},
  year={2020},
  publisher={IEEE}
}

@article{guerriero2011operational,
  title={Operational research in the management of the operating theatre: a survey},
  author={Guerriero, Francesca and Guido, Rosita},
  journal={Health care management science},
  volume={14},
  number={1},
  pages={89--114},
  year={2011},
  publisher={Springer}
}

@article{duran2007scheduling,
  title={Scheduling the Chilean soccer league by integer programming},
  author={Dur{\'a}n, Guillermo and Guajardo, Mario and Miranda, Jaime and Saur{\'e}, Denis and Souyris, Sebasti{\'a}n and Weintraub, Andres and Wolf, Rodrigo},
  journal={Interfaces},
  volume={37},
  number={6},
  pages={539--552},
  year={2007},
  publisher={INFORMS}
}

@book{sultan2014linear,
  title={Linear programming: An introduction with applications},
  author={Sultan, Alan},
  year={2014},
  publisher={Elsevier}
}

@article{menger1932,
  title={Das botenproblem},
  author={Menger, Karl},
  year={1932},
  journal={Ergebnisse eines Mathematischen Kolloquiums},
  volume={2},
  pages={11-12}
}

@article{braekers2016vehicle,
  title={The vehicle routing problem: State of the art classification and review},
  author={Braekers, Kris and Ramaekers, Katrien and Van Nieuwenhuyse, Inneke},
  journal={Computers \& Industrial Engineering},
  volume={99},
  pages={300--313},
  year={2016},
  publisher={Elsevier}
}

@article{moghdani2021green,
  title={The green vehicle routing problem: A systematic literature review},
  author={Moghdani, Reza and Salimifard, Khodakaram and Demir, Emrah and Benyettou, Abdelkader},
  journal={Journal of Cleaner Production},
  volume={279},
  pages={123691},
  year={2021},
  publisher={Elsevier}
}

@article{lewis2016creating,
  title={Creating seating plans: a practical application},
  author={Lewis, Rhyd and Carroll, Fiona},
  journal={Journal of the Operational Research Society},
  volume={67},
  number={11},
  pages={1353--1362},
  year={2016},
  publisher={Taylor \& Francis}
}

@article{tong2013modeling,
  title={Modeling the habitat suitability for deep-water gorgonian corals based on terrain variables},
  author={Tong, Ruiju and Purser, Autun and Guinan, Janine and Unnithan, Vikram},
  journal={Ecological Informatics},
  volume={13},
  pages={123--132},
  year={2013},
  publisher={Elsevier}
}

@book{bozorg2017meta,
  title={Meta-heuristic and evolutionary algorithms for engineering optimization},
  author={Bozorg-Haddad, Omid and Solgi, Mohammad and Lo{\'a}iciga, Hugo A},
  year={2017},
  publisher={John Wiley \& Sons}
}

@book{nasar2011beautiful,
  title={A beautiful mind},
  author={Nasar, Sylvia},
  year={2011},
  publisher={Simon and Schuster}
}

@article{nash1950equilibrium,
  title={Equilibrium points in n-person games},
  author={Nash, John F and others},
  journal={Proceedings of the national academy of sciences},
  volume={36},
  number={1},
  pages={48--49},
  year={1950},
  publisher={USA}
}

@article{nash1951non,
  title={Non-cooperative games},
  author={Nash, John},
  journal={Annals of mathematics},
  pages={286--295},
  year={1951},
  publisher={JSTOR}
}

@article{deo2011centralized,
  title={Centralized vs. decentralized ambulance diversion: A network perspective},
  author={Deo, Sarang and Gurvich, Itai},
  journal={Management Science},
  volume={57},
  number={7},
  pages={1300--1319},
  year={2011},
  publisher={INFORMS}
}

@article{press2012iterated,
  title={Iterated Prisoner’s Dilemma contains strategies that dominate any evolutionary opponent},
  author={Press, William H and Dyson, Freeman J},
  journal={Proceedings of the National Academy of Sciences},
  volume={109},
  number={26},
  pages={10409--10413},
  year={2012},
  publisher={National Acad Sciences}
}

@article{schreuder1981application,
  title={Application of a location model to fire stations in Rotterdam},
  author={Schreuder, JAM},
  journal={European Journal of Operational Research},
  volume={6},
  number={2},
  pages={212--219},
  year={1981},
  publisher={Elsevier}
}

@article{hifi2010linear,
  title={A linear programming approach for the three-dimensional bin-packing problem},
  author={Hifi, Mhand and Kacem, Imed and N{\`e}gre, St{\'e}phane and Wu, Lei},
  journal={Electronic Notes in Discrete Mathematics},
  volume={36},
  pages={993--1000},
  year={2010},
  publisher={Elsevier}
}

@article{diaz2014survey,
  title={A survey of transportation problems},
  author={D{\'\i}az-Parra, Ocotl{\'a}n and Ruiz-Vanoye, Jorge A and Bern{\'a}be Loranca, Beatriz and Fuentes-Penna, Alejandro and Barrera-C{\'a}mara, Ricardo A},
  journal={Journal of Applied Mathematics},
  volume={2014},
  year={2014},
  publisher={Hindawi}
}
