@book{van1996matrix,
  title={Matrix computations (Johns Hopkins studies in mathematical sciences)},
  author={Van Loan, Charles F and Golub, G},
  year={1996},
  publisher={The Johns Hopkins University Press}
}

@article{moler1978nineteen,
  title={Nineteen dubious ways to compute the exponential of a matrix},
  author={Moler, Cleve and Van Loan, Charles},
  journal={SIAM review},
  volume={20},
  number={4},
  pages={801--836},
  year={1978},
  publisher={SIAM}
}

@article{moler2003nineteen,
  title={Nineteen dubious ways to compute the exponential of a matrix, twenty-five years later},
  author={Moler, Cleve and Van Loan, Charles},
  journal={SIAM review},
  volume={45},
  number={1},
  pages={3--49},
  year={2003},
  publisher={SIAM}
}

@article{flynn1966very,
  title={Very high-speed computing systems},
  author={Flynn, Michael J},
  journal={Proceedings of the IEEE},
  volume={54},
  number={12},
  pages={1901--1909},
  year={1966},
  publisher={IEEE}
}

@article{matsumoto1998mersenne,
  title={Mersenne twister: a 623-dimensionally equidistributed uniform pseudo-random number generator},
  author={Matsumoto, Makoto and Nishimura, Takuji},
  journal={ACM Transactions on Modeling and Computer Simulation (TOMACS)},
  volume={8},
  number={1},
  pages={3--30},
  year={1998},
  publisher={ACM New York, NY, USA}
}

@article{von195113,
  title={13. various techniques used in connection with random digits},
  author={Von Neumann, John},
  journal={Appl. Math Ser},
  volume={12},
  number={36-38},
  pages={3},
  year={1951}
}

@book{stewart2009probability,
  title={Probability, Markov chains, queues, and simulation},
  author={Stewart, William J},
  year={2009},
  publisher={Princeton university press}
}

@article{nash1950equilibrium,
  title={Equilibrium points in n-person games},
  author={Nash, John F and others},
  journal={Proceedings of the national academy of sciences},
  volume={36},
  number={1},
  pages={48--49},
  year={1950},
  publisher={USA}
}

@book{maschler2013game,
  title={Game theory},
  author={Maschler, Michael and Solan, Eilon and Zamir, Shmuel},
  journal={Cambridge University Press, Cambridge, pp. xxvi},
  volume={979},
  pages={4},
  year={2013}
}

@article{smith1974theory,
  title={The theory of games and the evolution of animal conflicts},
  author={Smith, J Maynard},
  journal={Journal of theoretical biology},
  volume={47},
  number={1},
  pages={209--221},
  year={1974},
  publisher={Elsevier}
}

@book{fudenberg1998theory,
  title={The theory of learning in games},
  author={Fudenberg, Drew and Drew, Fudenberg and Levine, David K and Levine, David K},
  volume={2},
  year={1998},
  publisher={MIT press}
}

@article{axelrod1981evolution,
  title={The evolution of cooperation},
  author={Axelrod, Robert and Hamilton, William Donald},
  journal={science},
  volume={211},
  number={4489},
  pages={1390--1396},
  year={1981},
  publisher={American Association for the Advancement of Science}
}

@book{burden2001numerical,
  title={Numerical analysis},
  author={Burden, Richard L and Faires, J Douglas and Reynolds, Albert C},
  year={2001},
  publisher={Brooks/cole Pacific Grove, CA}
}

@book{schelling2006micromotives,
  title={Micromotives and macrobehavior},
  author={Schelling, Thomas C},
  year={2006},
  publisher={WW Norton \& Company}
}

@book{conforti2014integer,
  title={Integer programming},
  author={Conforti, Michele and Cornu{\'e}jols, G{\'e}rard and Zambelli, Giacomo and others},
  volume={271},
  year={2014},
  publisher={Springer}
}
